<?xml version="1.0" encoding="UTF-8"?><record xmlns="http://www.loc.gov/MARC21/slim" xmlns:cinclude="http://apache.org/cocoon/include/1.0" xmlns:zs="http://www.loc.gov/zing/srw/">
  <leader>00659cz  a2200133n  4500</leader>
  <controlfield tag="001">n  88602453 </controlfield>
  <controlfield tag="003">DLC</controlfield>
  <controlfield tag="005">20120811082633.0</controlfield>
  <controlfield tag="008">880113n| acannaab           |n and      </controlfield>
  <datafield tag="010" ind1=" " ind2=" ">
    <subfield code="a">n  88602453 </subfield>
  </datafield>
  <datafield tag="040" ind1=" " ind2=" ">
    <subfield code="a">DLC</subfield>
    <subfield code="b">eng</subfield>
    <subfield code="c">DLC</subfield>
    <subfield code="d">DLC</subfield>
  </datafield>
  <datafield tag="111" ind1="2" ind2=" ">
    <subfield code="a">International Electrical Insulation Seminar</subfield>
    <subfield code="d">(1980 :</subfield>
    <subfield code="c">Bombay, India)</subfield>
  </datafield>
  <datafield tag="667" ind1=" " ind2=" ">
    <subfield code="a">THIS 1XX FIELD CANNOT BE USED UNDER RDA UNTIL THIS RECORD HAS BEEN REVIEWED AND/OR UPDATED</subfield>
  </datafield>
  <datafield tag="670" ind1=" " ind2=" ">
    <subfield code="a">nuc88-3439: Its Technical papers and proceedings of ... 1981?</subfield>
    <subfield code="b">(hdg. on ICRL rept.: International Electrical Insulation Seminar (1980 : Bombay, India); usage: International Electrical Insulation Seminar, November 20th, 21st 1980, Bombay)</subfield>
  </datafield>
</record>